%% This BibTeX bibliography file was created using BibDesk.
%% http://bibdesk.sourceforge.net/




% Artigos - Início ***********************************

@article{arora2021,
  doi = {10.1016/j.bspc.2020.102358},
  year = {2021},
  month = mar,
  publisher = {Elsevier {BV}},
  volume = {65},
  pages = {102358},
  author = {Ridhi Arora and Balasubramanian Raman and Kritagya Nayyar and Ruchi Awasthi},
  title = {Automated skin lesion segmentation using attention-based deep convolutional neural network},
  journal = {Biomedical Signal Processing and Control}
}

@article{hameed2019,
  doi = {10.3390/computers8030062},
  year = {2019},
  month = aug,
  publisher = {{MDPI} {AG}},
  volume = {8},
  number = {3},
  pages = {62},
  author = {Nazia Hameed and Fozia Hameed and Antesar Shabut and Sehresh Khan and Silvia Cirstea and Alamgir Hossain},
  title = {An Intelligent Computer-Aided Scheme for Classifying Multiple Skin Lesions},
  journal = {Computers}
}

@article{karthik2022,
  doi = {10.1016/j.bspc.2021.103406},
  year = {2022},
  month = mar,
  publisher = {Elsevier {BV}},
  volume = {73},
  pages = {103406},
  author = {R Karthik and Tejas Sunil Vaichole and Sanika Kiran Kulkarni and Ojaswa Yadav and Faiz Khan},
  title = {Eff2Net: An efficient channel attention-based convolutional neural network for skin disease classification},
  journal = {Biomedical Signal Processing and Control}
}

% Artigos - Fim **************************************



% Livros - Início ************************************

@book{livro2020,
  author = {nome sobrenome and nome sobrenome},
  title = {titulo},
  publisher = {editora},
  address = {cidade, estado, pais},
  year = {2020},
  note = {cap. 1}
}

@book{abnt2018,
  author = {{ASSOCIAÇÃO BRASILEIRA DE NORMAS TÉCNICAS}},
  title = {NBR 6023: informação e documentação: referências: elaboração},
  publisher = {ABNT},
  address = {Rio de Janeiro},
  year = {2018}
}

@book{coppin2010,
  author = {Ben Coppin},
  title = {Inteligência artificial},
  publisher = {LTC},
  address = {Rio de Janeiro},
  year = {2010}
}

@book{russell2021,
  author = {Stuart Russell and Peter Norvig},
  title = {Inteligência artificial},
  publisher = {LTC},
  address = {Rio de Janeiro},
  year = {2021}
}

@book{szeliski2021,
  author = {Richard Szeliski},
  title = {Computer Vision: Algorithms and Applications},
  publisher = {Springer},
  address = {New York},
  year = {2021}
}

@book{upm2021,
  author = {{UNIVERSIDADE PRESBITERIANA MACKENZIE}},
  title = {Guia do TCC: Orientações gerais para a elaboração do trabalho de conclusão dos cursos de graduação},
  publisher = {UPM},
  address = {São Paulo},
  year = {2021}
}

% Livros - Fim ***************************************



% Sites - Início *************************************

@misc{site2020,
  author       = {nome sobrenome},
  title        = {titulo},
  publisher    = {nome do site},
  year         = {2020},
  url          = {https://},
  urlaccessdate = {01 de janeiro de 2020}
}


@misc{sato2020,
  author       = {M. Sato},
  title        = {O uso de imagens de satélite na agricultura: conheças os benefícios},
  publisher    = {Agroblog},
  year         = {2020},
  url          = {https://agrosmart.com.br/blog/imagens-de-satelite-agricultura-beneficios},
  urlaccessdate = {07 de abril de 2024}
}

% Sites - Fim ****************************************



% software - Início **********************************

% software - Fim *************************************


% Video - Início *************************************

% Video - Fim ****************************************


% Manuais - Início ***********************************

% Manuais - Fim **************************************
